<record><leader>00000cas a22000007a 4500</leader><controlfield tag="001">21479710</controlfield><controlfield tag="008">900504d19081928coudn ne      0    0eng d</controlfield><datafield ind1=" " ind2=" " tag="010"><subfield code="a">sn 90051316 </subfield></datafield><datafield ind1=" " ind2=" " tag="040"><subfield code="a">CNQ</subfield><subfield code="b">eng</subfield><subfield code="c">CNQ</subfield><subfield code="d">OCLCQ</subfield></datafield><datafield ind1=" " ind2=" " tag="042"><subfield code="a">msc</subfield></datafield><datafield ind1="0" ind2=" " tag="130"><subfield code="a">Evening times (Fort Morgan, Colo. : 1908)</subfield></datafield><datafield ind1="1" ind2="4" tag="245"><subfield code="a">The evening times.</subfield></datafield><datafield ind1="1" ind2="3" tag="246"><subfield code="a">Fort Morgan times</subfield></datafield><datafield ind1=" " ind2=" " tag="260"><subfield code="a">Fort Morgan, Colo. :</subfield><subfield code="b">R.B. Spencer</subfield></datafield><datafield ind1=" " ind2=" " tag="300"><subfield code="a">v.</subfield></datafield><datafield ind1=" " ind2=" " tag="310"><subfield code="a">Daily (except Sun.)</subfield></datafield><datafield ind1="1" ind2=" " tag="362"><subfield code="a">Began in 1908.</subfield></datafield><datafield ind1="0" ind2=" " tag="362"><subfield code="a">-v. 21, no. 51 (Oct. 31, 1928).</subfield></datafield><datafield ind1=" " ind2=" " tag="500"><subfield code="a">On Thursdays published as: Fort Morgan times.</subfield></datafield><datafield ind1=" " ind2=" " tag="530"><subfield code="a">Available on microfilm from the Colorado Historical Society.</subfield></datafield><datafield ind1=" " ind2=" " tag="580"><subfield code="a">Weekly ed.: Fort Morgan times, 1908-1926.</subfield></datafield><datafield ind1=" " ind2=" " tag="580"><subfield code="a">Weekly ed.: Fort Morgan times and the evening times, 1927-1928.</subfield></datafield><datafield ind1=" " ind2=" " tag="588"><subfield code="a">Description based on: Vol. 14, no. 29 (Oct. 5, 1921).</subfield></datafield><datafield ind1=" " ind2=" " tag="752"><subfield code="a">United States</subfield><subfield code="b">Colorado</subfield><subfield code="c">Morgan</subfield><subfield code="d">Fort Morgan.</subfield></datafield><datafield ind1="1" ind2=" " tag="775"><subfield code="t">Fort Morgan times (Fort Morgan, Colo. : 1884)</subfield><subfield code="w">(DLC)sn 86066840</subfield></datafield><datafield ind1="1" ind2=" " tag="775"><subfield code="t">Fort Morgan times and the evening times</subfield><subfield code="w">(DLC)sn 90051315</subfield></datafield><datafield ind1="0" ind2="4" tag="785"><subfield code="t">Fort Morgan times and the evening times</subfield><subfield code="w">(DLC)sn 90051315</subfield></datafield><datafield ind1="1" ind2=" " tag="029"><subfield code="a">AU@</subfield><subfield code="b">000025851264</subfield></datafield></record>